<?xml version="1.0" encoding="UTF-8"?><record xmlns="http://www.loc.gov/MARC21/slim" xmlns:cinclude="http://apache.org/cocoon/include/1.0" xmlns:zs="http://www.loc.gov/zing/srw/">
  <leader>00389nz  a2200145n  4500</leader>
  <controlfield tag="001">no2007056995</controlfield>
  <controlfield tag="003">DLC</controlfield>
  <controlfield tag="005">20070524075308.0</controlfield>
  <controlfield tag="008">070427n| acannaabn          |a aaa     c</controlfield>
  <datafield tag="010" ind1=" " ind2=" ">
    <subfield code="a">no2007056995</subfield>
  </datafield>
  <datafield tag="035" ind1=" " ind2=" ">
    <subfield code="a">(OCoLC)oca07416954</subfield>
  </datafield>
  <datafield tag="040" ind1=" " ind2=" ">
    <subfield code="a">TxCM</subfield>
    <subfield code="b">eng</subfield>
    <subfield code="c">TxCM</subfield>
  </datafield>
  <datafield tag="100" ind1="1" ind2=" ">
    <subfield code="a">Sheldon, Sidney.</subfield>
    <subfield code="t">Sands of time.</subfield>
    <subfield code="l">Japanese</subfield>
  </datafield>
  <datafield tag="400" ind1="1" ind2=" ">
    <subfield code="a">Sheldon, Sidney.</subfield>
    <subfield code="t">Jikan no suna</subfield>
  </datafield>
  <datafield tag="670" ind1=" " ind2=" ">
    <subfield code="a">Jikan no suna, 1989.</subfield>
  </datafield>
</record>